@article{zavaleta2001,
  title={Viewing invasive species removal in a whole-ecosystem context},
  author={Zavaleta, Erika S and Hobbs, Richard J and Mooney, Harold A},
  journal={Trends in Ecology \& Evolution},
  volume={16},
  number={8},
  pages={454--459},
  year={2001},
  publisher={Elsevier}
}

@article{jackson2015,
  title={Interactions among multiple invasive animals},
  author={Jackson, Michelle C},
  journal={Ecology},
  volume={96},
  number={8},
  pages={2035--2041},
  year={2015},
  publisher={Wiley Online Library}
}

@article{kuebbing2015,
  title={Negative, neutral, and positive interactions among nonnative plants: patterns, processes, and management implications},
  author={Kuebbing, Sara E and Nu{\~n}ez, Martin A},
  journal={Global Change Biology},
  volume={21},
  number={2},
  pages={926--934},
  year={2015},
  publisher={Wiley Online Library}
}

@article{crooks1999,
  title={Mesopredator release and avifaunal extinctions in a fragmented system},
  author={Crooks, Kevin R and Soul{\'e}, Michael E},
  journal={Nature},
  volume={400},
  number={6744},
  pages={563--566},
  year={1999},
  publisher={Nature Publishing Group}
}

@article{ruscoe2011,
  title={Unexpected consequences of control: competitive vs. predator release in a four-species assemblage of invasive mammals},
  author={Ruscoe, Wendy A and Ramsey, David SL and Pech, Roger P and Sweetapple, Peter J and Yockney, Ivor and Barron, Mandy C and Perry, Mike and Nugent, Graham and Carran, Roger and Warne, Rodney and others},
  journal={Ecology Letters},
  volume={14},
  number={10},
  pages={1035--1042},
  year={2011},
  publisher={Wiley Online Library}
}

@article{doherty2017,
  title={Stop jumping the gun: a call for evidence-based invasive predator management},
  author={Doherty, Tim S and Ritchie, Euan G},
  journal={Conservation Letters},
  volume={10},
  number={1},
  pages={15--22},
  year={2017},
  publisher={Wiley Online Library}
}

@article{ballari2016,
  title={Potential problems of removing one invasive species at a time: a meta-analysis of the interactions between invasive vertebrates and unexpected effects of removal programs},
  author={Ballari, Sebasti{\'a}n A and Kuebbing, Sara E and Nu{\~n}ez, Martin A},
  journal={PeerJ},
  volume={4},
  pages={e2029},
  year={2016},
  publisher={PeerJ Inc.}
}

@article{courchamp1999,
  title={Cats protecting birds: modelling the mesopredator release effect},
  author={Courchamp, Franck and Langlais, Michel and Sugihara, George},
  journal={Journal of Animal Ecology},
  volume={68},
  number={2},
  pages={282--292},
  year={1999},
  publisher={Wiley Online Library}
}

@article{bode2015,
  title={Eradicating down the food chain: optimal multispecies eradication schedules for a commonly encountered invaded island ecosystem},
  author={Bode, Michael and Baker, Christopher M and Plein, Michaela},
  journal={Journal of Applied Ecology},
  volume={52},
  number={3},
  pages={571--579},
  year={2015},
  publisher={Wiley Online Library}
}

@article{rayner2007,
  title={Spatial heterogeneity of mesopredator release within an oceanic island system},
  author={Rayner, Matt J and Hauber, Mark E and Imber, Michael J and Stamp, Rosalie K and Clout, Mick N},
  journal={Proceedings of the National Academy of Sciences},
  volume={104},
  number={52},
  pages={20862--20865},
  year={2007},
  publisher={National Acad Sciences}
}

@article{hastings2001,
  title={Transient dynamics and persistence of ecological systems},
  author={Hastings, Alan},
  journal={Ecology Letters},
  volume={4},
  number={3},
  pages={215--220},
  year={2001},
  publisher={Wiley Online Library}
}

@article{finke2004,
  title={Predator diversity dampens trophic cascades},
  author={Finke, Deborah L and Denno, Robert F},
  journal={Nature},
  volume={429},
  number={6990},
  pages={407--410},
  year={2004},
  publisher={Nature Publishing Group}
}

@article{alston2019,
  title={Reciprocity in restoration ecology: When might large carnivore reintroduction restore ecosystems?},
  author={Alston, JM and Maitland, BM and Brito, BT and Esmaeili, S and Ford, AT and Hays, B and Jesmer, BR and Molina, FJ and Goheen, JR},
  journal={Biological conservation},
  volume={234},
  pages={82--89},
  year={2019},
  publisher={Elsevier}
}

@article{glen2005,
  title={Complex interactions among mammalian carnivores in Australia, and their implications for wildlife management},
  author={Glen, Alistair S and Dickman, Chris R},
  journal={Biological reviews},
  volume={80},
  number={3},
  pages={387--401},
  year={2005},
  publisher={Wiley Online Library}
}

@article{christie2019,
  title={Simple study designs in ecology produce inaccurate estimates of biodiversity responses},
  author={Christie, Alec P and Amano, Tatsuya and Martin, Philip A and Shackelford, Gorm E and Simmons, Benno I and Sutherland, William J},
  journal={Journal of Applied Ecology},
  volume={56},
  number={12},
  pages={2742--2754},
  year={2019},
  publisher={Wiley Online Library}
}

@article{smith2020,
  title={Zooming in on mechanistic predator--prey ecology: Integrating camera traps with experimental methods to reveal the drivers of ecological interactions},
  author={Smith, Justine A and Suraci, Justin P and Hunter, Jennifer S and Gaynor, Kaitlyn M and Keller, Carson B and Palmer, Meredith S and Atkins, Justine L and Casta{\~n}eda, Irene and Cherry, Michael J and Garvey, Patrick M and others},
  journal={Journal of Animal Ecology},
  volume={89},
  number={9},
  pages={1997--2012},
  year={2020},
  publisher={Wiley Online Library}
}

@article{hayward2015,
  title={Ecologists need robust survey designs, sampling and analytical methods},
  author={Hayward, Matt W and Boitani, Luigi and Burrows, Neil D and Funston, Paul J and Karanth, K Ullas and MacKenzie, Darryl I and Pollock, Ken H and Yarnell, Richard W},
  journal={Journal of Applied Ecology},
  volume={52},
  number={2},
  pages={286--290},
  year={2015},
  publisher={Wiley Online Library}
}

@misc{stephens2015,
  title={Management by proxy? The use of indices in applied ecology},
  author={Stephens, Philip A and Pettorelli, Nathalie and Barlow, Jos and Whittingham, Mark J and Cadotte, Marc W},
  year={2015},
  publisher={Wiley Online Library}
}

@article{efford2012,
  title={Occupancy in continuous habitat},
  author={Efford, Murray G and Dawson, Deanna K},
  journal={Ecosphere},
  volume={3},
  number={4},
  pages={1--15},
  year={2012},
  publisher={Wiley Online Library}
}

@article{rogan2019,
  title={The influence of movement on the occupancy--density relationship at small spatial scales},
  author={Rogan, Matthew S and Balme, Guy A and Distiller, Greg and Pitman, Ross T and Broadfield, Joleen and Mann, Gareth KH and Whittington-Jones, Gareth M and Thomas, Lisa H and O'Riain, M Justin},
  journal={Ecosphere},
  volume={10},
  number={8},
  pages={e02807},
  year={2019},
  publisher={Wiley Online Library}
}

@article{broadley2019,
  title={Density-dependent space use affects interpretation of camera trap detection rates},
  author={Broadley, Kate and Burton, A Cole and Avgar, Tal and Boutin, Stan},
  journal={Ecology and evolution},
  volume={9},
  number={24},
  pages={14031--14041},
  year={2019},
  publisher={Wiley Online Library}
}

@article{moseby2019,
  title={Understanding predator densities for successful co-existence of alien predators and threatened prey},
  author={Moseby, Katherine E and Letnic, Michael and Blumstein, Daniel T and West, Rebecca},
  journal={Austral Ecology},
  volume={44},
  number={3},
  pages={409--419},
  year={2019},
  publisher={Wiley Online Library}
}

@article{forsyth2019,
  title={Estimating abundances, densities, and interspecific associations in a carnivore community},
  author={Forsyth, David M and Ramsey, David SL and Woodford, Luke P},
  journal={The Journal of Wildlife Management},
  volume={83},
  number={5},
  pages={1090--1102},
  year={2019},
  publisher={Wiley Online Library}
}

@article{reddiex2007,
  title={Control of pest mammals for biodiversity protection in Australia. I. Patterns of control and monitoring},
  author={Reddiex, Ben and Forsyth, David M and McDonald-Madden, Eve and Einoder, Luke D and Griffioen, Peter A and Chick, Ryan R and Robley, Alan J},
  journal={Wildlife Research},
  volume={33},
  number={8},
  pages={691--709},
  year={2007},
  publisher={CSIRO}
}

@article{mcleod2014,
  title={Fertility control is much less effective than lethal baiting for controlling foxes},
  author={McLeod, Steven R and Saunders, Glen},
  journal={Ecological Modelling},
  volume={273},
  pages={1--10},
  year={2014},
  publisher={Elsevier}
}

@article{medina2011,
  title={A global review of the impacts of invasive cats on island endangered vertebrates},
  author={Medina, F{\'e}lix M and Bonnaud, Elsa and Vidal, Eric and Tershy, Bernie R and Zavaleta, Erika S and Josh Donlan, C and Keitt, Bradford S and Le Corre, Matthieu and Horwath, Sarah V and Nogales, Manuel},
  journal={Global Change Biology},
  volume={17},
  number={11},
  pages={3503--3510},
  year={2011},
  publisher={Wiley Online Library}
}

@article{legge2020,
  title={Cat-dependent diseases cost Australia AU $6 billion per year through impacts on human health and livestock production},
  author={Legge, Sarah and Taggart, Pat L and Dickman, Chris R and Read, John L and Woinarski, John CZ},
  journal={Wildlife Research},
  volume={47},
  number={8},
  pages={731--746},
  year={2020},
  publisher={CSIRO}
}

@article{doherty2017,
  title={Impacts and management of feral cats Felis catus in Australia},
  author={Doherty, Tim S and Dickman, Chris R and Johnson, Chris N and Legge, Sarah M and Ritchie, Euan G and Woinarski, John CZ},
  journal={Mammal Review},
  volume={47},
  number={2},
  pages={83--97},
  year={2017},
  publisher={Wiley Online Library}
}

@article{catling1988,
  title={Similarities and contrasts in the diets of foxes, Vulpes vulpes, and cats, Felis catus, relative to fluctuating prey populations and drought},
  author={Catling, PC},
  journal={Wildlife Research},
  volume={15},
  number={3},
  pages={307--317},
  year={1988},
  publisher={CSIRO}
}

@article{short1999,
  title={The impact of cats and foxes on the small vertebrate fauna of Heirisson Prong, Western Australia. I. Exploring potential impact using diet analysis},
  author={Short, Jeff and Calver, Michael C and Risbey, Danielle A},
  journal={Wildlife Research},
  volume={26},
  number={5},
  pages={621--630},
  year={1999},
  publisher={CSIRO}
}

@article{glen2011,
  title={Diets of sympatric native and introduced carnivores in the Barrington Tops, eastern Australia},
  author={Glen, AS and Pennay, M and Dickman, CR and Wintle, BA and Firestone, KB},
  journal={Austral Ecology},
  volume={36},
  number={3},
  pages={290--296},
  year={2011},
  publisher={Wiley Online Library}
}

@article{soule1988,
  title={Reconstructed dynamics of rapid extinctions of chaparral-requiring birds in urban habitat islands},
  author={Soul{\'e}, Michael E and Bolger, Douglas T and Alberts, Allison C and Wrights, John and Sorice, Marina and Hill, Scott},
  journal={Conservation Biology},
  volume={2},
  number={1},
  pages={75--92},
  year={1988},
  publisher={Wiley Online Library}
}

@article{lazenby2015,
  title={Effects of low-level culling of feral cats in open populations: a case study from the forests of southern Tasmania},
  author={Lazenby, Billie T and Mooney, Nicholas J and Dickman, Christopher R},
  journal={Wildlife Research},
  volume={41},
  number={5},
  pages={407--420},
  year={2015},
  publisher={CSIRO}
}

{@article{fisher2015,
  title={How does cat behaviour influence the development and implementation of monitoring techniques and lethal control methods for feral cats?},
  author={Fisher, Penny and Algar, David and Murphy, Elaine and Johnston, Michael and Eason, Charles},
  journal={Applied Animal Behaviour Science},
  volume={173},
  pages={88--96},
  year={2015},
  publisher={Elsevier}
}

@article{hunter2018,
  title={Not all predators are equal: a continent-scale analysis of the effects of predator control on Australian mammals},
  author={Hunter, Daniel O and Lagisz, Malgorzata and Leo, Viyanna and Nakagawa, Shinichi and Letnic, Mike},
  journal={Mammal Review},
  volume={48},
  number={2},
  pages={108--122},
  year={2018},
  publisher={Wiley Online Library}
}

@article{risbey2000,
  title={The impact of cats and foxes on the small vertebrate fauna of Heirisson Prong, Western Australia. II. A field experiment},
  author={Risbey, Danielle A and Calver, Michael C and Short, Jeff and Bradley, J Stuart and Wright, Ian W},
  journal={Wildlife Research},
  volume={27},
  number={3},
  pages={223--235},
  year={2000},
  publisher={CSIRO}
}

@article{marlow2015,
  title={Cats (Felis catus) are more abundant and are the dominant predator of woylies (Bettongia penicillata) after sustained fox (Vulpes vulpes) control},
  author={Marlow, Nicola J and Thomas, Neil D and Williams, Andrew AE and Macmahon, Brian and Lawson, John and Hitchen, Yvette and Angus, John and Berry, Oliver},
  journal={Australian Journal of Zoology},
  volume={63},
  number={1},
  pages={18--27},
  year={2015},
  publisher={CSIRO}
}

@article{stobo2020management,
  title={Management of invasive mesopredators in the Flinders Ranges, South Australia: effectiveness and implications},
  author={Stobo-Wilson, Alyson M and Brandle, Robert and Johnson, Christopher N and Jones, Menna E},
  journal={Wildlife Research},
  volume={47},
  number={8},
  pages={720--730},
  year={2020},
  publisher={CSIRO}
}

@article{towerton2011,
  title={Detecting pest and prey responses to fox control across the landscape using remote cameras},
  author={Towerton, Alison L and Penman, Trent D and Kavanagh, Rodney P and Dickman, Christopher R},
  journal={Wildlife Research},
  volume={38},
  number={3},
  pages={208--220},
  year={2011},
  publisher={CSIRO}
}

@article{molsher2017,
  title={Mesopredator management: effects of red fox control on the abundance, diet and use of space by feral cats},
  author={Molsher, Robyn and Newsome, Alan E and Newsome, Thomas M and Dickman, Christopher R},
  journal={PLoS One},
  volume={12},
  number={1},
  pages={e0168460},
  year={2017},
  publisher={Public Library of Science San Francisco, CA USA}
}

@article{davey2006,
  title={Do exotic vertebrates structure the biota of Australia? An experimental test in New South Wales},
  author={Davey, C and Sinclair, ARE and Pech, Roger P and Arthur, Anthony D and Krebs, Charles J and Newsome, AE and Hik, D and Molsher, Robyn and Allcock, K},
  journal={Ecosystems},
  volume={9},
  number={6},
  pages={992--1008},
  year={2006},
  publisher={Springer}
}

@article{claridge2010,
  title={Trends in the activity levels of forest-dwelling vertebrate fauna against a background of intensive baiting for foxes},
  author={Claridge, Andrew W and Cunningham, Ross B and Catling, Peter C and Reid, Allan M},
  journal={Forest Ecology and Management},
  volume={260},
  number={5},
  pages={822--832},
  year={2010},
  publisher={Elsevier}
}

@online{BOM2021, 
title={Bureau of Meteorology}, 
url={http://www.bom.gov.au/climate/data/}, 
journal={Climate Data Online URL}, 
publisher={(accessed May 2021)}, 
year={2021}
} 

@article{riley1999,
  title={Index that quantifies topographic heterogeneity},
  author={Riley, Shawn J and DeGloria, Stephen D and Elliot, Robert},
  journal={intermountain Journal of sciences},
  volume={5},
  number={1-4},
  pages={23--27},
  year={1999}
}

@article{robley2014,
  title={Long-term and large-scale control of the introduced red fox increases native mammal occupancy in Australian forests},
  author={Robley, Alan and Gormley, Andrew M and Forsyth, David M and Triggs, Barbara},
  journal={Biological Conservation},
  volume={180},
  pages={262--269},
  year={2014},
  publisher={Elsevier}
}

@article{hradsky2017human,
  title={Human-modified habitats facilitate forest-dwelling populations of an invasive predator, Vulpes vulpes},
  author={Hradsky, Bronwyn A and Robley, Alan and Alexander, Ray and Ritchie, Euan G and York, Alan and Di Stefano, Julian},
  journal={Scientific Reports},
  volume={7},
  number={1},
  pages={1--12},
  year={2017},
  publisher={Nature Publishing Group}
}

@article{niedballa2016,
  title={camtrapR: an R package for efficient camera trap data management},
  author={Niedballa, J{\"u}rgen and Sollmann, Rahel and Courtiol, Alexandre and Wilting, Andreas},
  journal={Methods in Ecology and Evolution},
  volume={7},
  number={12},
  pages={1457--1462},
  year={2016},
  publisher={Wiley Online Library}
}

@book{wood2017,
  title={Generalized additive models: an introduction with R},
  author={Wood, Simon N},
  year={2017},
  publisher={CRC press}
}

@article{wood2011,
  title={Fast stable restricted maximum likelihood and marginal likelihood estimation of semiparametric generalized linear models},
  author={Wood, Simon N},
  journal={Journal of the Royal Statistical Society: Series B (Statistical Methodology)},
  volume={73},
  number={1},
  pages={3--36},
  year={2011},
  publisher={Wiley Online Library}
}

@article{miller2014,
  title={Finite area smoothing with generalized distance splines},
  author={Miller, David L and Wood, Simon N},
  journal={Environmental and ecological statistics},
  volume={21},
  number={4},
  pages={715--731},
  year={2014},
  publisher={Springer}
}

@article{borchers2008,
  title={Spatially explicit maximum likelihood methods for capture--recapture studies},
  author={Borchers, David L and Efford, Murray G},
  journal={Biometrics},
  volume={64},
  number={2},
  pages={377--385},
  year={2008},
  publisher={Wiley Online Library}
}

@article{burnham2004,
  title={Multimodel inference: understanding AIC and BIC in model selection},
  author={Burnham, Kenneth P and Anderson, David R},
  journal={Sociological methods \& research},
  volume={33},
  number={2},
  pages={261--304},
  year={2004},
  publisher={Sage Publications Sage CA: Thousand Oaks, CA}
}


@online{efford2021secr, 
  author={Efford, Murray G}, 
  url={http://CRAN.R-project.org/package=secr}, 
  title={secr: Spatially explicit capture-recapture models. R package version 4.4.4}, 
  publisher={(accessed June 2021)}, 
  year={2021}
} 

@article{moseby2020effectiveness,
  title={Effectiveness of the Felixer grooming trap for the control of feral cats: a field trial in arid South Australia},
  author={Moseby, KE and McGregor, H and Read, JL},
  journal={Wildlife Research},
  volume={47},
  number={8},
  pages={599--609},
  year={2020},
  publisher={CSIRO}
}


@article{rees2019,
  title={Unexpectedly high densities of feral cats in a rugged temperate forest},
  author={Rees, MW and Pascoe, JH and Wintle, BA and Le Pla, M and Birnbaum, EK and Hradsky, BA},
  journal={Biological Conservation},
  volume={239},
  pages={108287},
  year={2019},
  publisher={Elsevier}
}


@online{delwp2020, 
  author={DELWP}, 
  url={https://www.environment.vic.gov.au/biodiversity/bioregions-and-evc-benchmarks}, 
  title={Bioregions and EVC Benchmarks}, 
  publisher={Victorian Government Department of Environment, Land, Water and Planning, Melbourne. Accessed June 2021)}, 
  year={2020}
} 

@article{hradsky2019foxnet,
  title={FoxNet: An individual-based model framework to support management of an invasive predator, the red fox},
  author={Hradsky, Bronwyn A and Kelly, Luke T and Robley, Alan and Wintle, Brendan A},
  journal={Journal of Applied Ecology},
  volume={56},
  number={6},
  pages={1460--1470},
  year={2019},
  publisher={Wiley Online Library}
}

@article{dexter2009impact,
  title={The impact of fox control on the relative abundance of forest mammals in East Gippsland, Victoria},
  author={Dexter, Nick and Murray, Andy},
  journal={Wildlife Research},
  volume={36},
  number={3},
  pages={252--261},
  year={2009},
  publisher={CSIRO Publishing}
}


@article{duncan2020eruptive,
  title={Eruptive dynamics are common in managed mammal populations},
  author={Duncan, Richard P and Dexter, Nick and Wayne, Adrian and Hone, Jim},
  journal={Ecology},
  volume={101},
  number={12},
  pages={e03175},
  year={2020},
  publisher={Wiley Online Library}
}


